@inproceedings{Cavigelli:2017:CCI:3131885.3131906,
 author = {Cavigelli, Lukas and Degen, Philippe and Benini, Luca},
 title = {CBinfer: Change-Based Inference for Convolutional Neural Networks on Video Data},
 booktitle = {Proceedings of the 11th International Conference on Distributed Smart Cameras},
 series = {ICDSC 2017},
 year = {2017},
 isbn = {978-1-4503-5487-5},
 location = {Stanford, CA, USA},
 pages = {1--8},
 numpages = {8},
 url = {http://doi.acm.org/10.1145/3131885.3131906},
 doi = {10.1145/3131885.3131906},
 acmid = {3131906},
 publisher = {ACM},
 address = {New York, NY, USA},
} 

